<record><leader>00000cas a2200000 a 4500</leader><controlfield tag="001">12396411</controlfield><controlfield tag="008">850817d18591867pauwr ne      0    0eng d</controlfield><datafield ind1=" " ind2=" " tag="010"><subfield code="a">sn 85038415 </subfield></datafield><datafield ind1=" " ind2=" " tag="040"><subfield code="a">NPY</subfield><subfield code="b">eng</subfield><subfield code="c">NPY</subfield><subfield code="d">NPX</subfield><subfield code="d">NPH</subfield><subfield code="d">NVF</subfield><subfield code="d">OCL</subfield><subfield code="d">OCLCQ</subfield><subfield code="d">OCLCF</subfield><subfield code="d">OCLCO</subfield></datafield><datafield ind1="1" ind2=" " tag="029"><subfield code="a">AU@</subfield><subfield code="b">000025794049</subfield></datafield><datafield ind1=" " ind2=" " tag="042"><subfield code="a">msc</subfield></datafield><datafield ind1=" " ind2=" " tag="043"><subfield code="a">n-us-pa</subfield></datafield><datafield ind1="0" ind2=" " tag="130"><subfield code="a">Erie weekly gazette (Erie, Pa. : 1859)</subfield></datafield><datafield ind1="1" ind2="0" tag="245"><subfield code="a">Erie weekly gazette.</subfield></datafield><datafield ind1=" " ind2=" " tag="260"><subfield code="a">Erie, Pa. :</subfield><subfield code="b">Sterrett &amp; Gara,</subfield><subfield code="c">1859-1867.</subfield></datafield><datafield ind1=" " ind2=" " tag="300"><subfield code="a">7 v. ;</subfield><subfield code="c">69 cm.</subfield></datafield><datafield ind1=" " ind2=" " tag="310"><subfield code="a">Weekly</subfield></datafield><datafield ind1="0" ind2=" " tag="362"><subfield code="a">Vol. 40, no. 14 (May 12, 1859)-v. 47, no. 44 (Jan. 3, 1867) = whole no. 2042-2451.</subfield></datafield><datafield ind1=" " ind2=" " tag="500"><subfield code="a">Publishers: Joseph M. Sterrett &amp; Isaac B. Gara, &lt;1860&gt;; John R. Graham, &lt;1866&gt;.</subfield></datafield><datafield ind1=" " ind2=" " tag="500"><subfield code="a">"Republican," &lt;1860&gt;; "Union," &lt;1866&gt;.</subfield></datafield><datafield ind1=" " ind2="0" tag="651"><subfield code="a">Erie (Pa.)</subfield><subfield code="v">Newspapers.</subfield></datafield><datafield ind1=" " ind2="7" tag="655"><subfield code="a">Newspapers.</subfield><subfield code="2">fast</subfield><subfield code="0">(OCoLC)fst01423814</subfield></datafield><datafield ind1=" " ind2="7" tag="651"><subfield code="a">Pennsylvania</subfield><subfield code="z">Erie.</subfield><subfield code="2">fast</subfield><subfield code="0">(OCoLC)fst01206428</subfield></datafield><datafield ind1=" " ind2=" " tag="752"><subfield code="a">United States</subfield><subfield code="b">Pennsylvania</subfield><subfield code="c">Erie</subfield><subfield code="d">Erie.</subfield></datafield><datafield ind1="0" ind2="0" tag="780"><subfield code="t">Erie gazette (Erie, Pa. : 1820)</subfield><subfield code="w">(DLC)sn 85038414</subfield></datafield><datafield ind1="0" ind2="0" tag="785"><subfield code="t">Erie gazette (Erie, Pa. : 1867)</subfield><subfield code="w">(DLC)sn 89077005</subfield></datafield></record>